@misc{webbusinessinsider,
author={businessinsider.com},
title={Here's What People Are Actually Doing With Their Cellphones},
howpublished="\url{http://articles.businessinsider.com/2010-07-07/tech/30063182\_1\_google-android-phones-mobile-device-cellphone}",
year={2010},
month={07}
}
@inproceedings{Khiem:2011:TUU:2072298.2071917,
 author = {Khiem, Ngo Quang Minh and Ravindra, Guntur and Ooi, Wei Tsang},
 title = {Towards understanding user tolerance to network latency in zoomable video streaming},
 booktitle = {Proceedings of the 19th ACM international conference on Multimedia},
 series = {MM '11},
 year = {2011},
 isbn = {978-1-4503-0616-4},
 location = {Scottsdale, Arizona, USA},
 pages = {977--980},
 numpages = {4},
 url = {http://doi.acm.org/10.1145/2072298.2071917},
 doi = {10.1145/2072298.2071917},
 acmid = {2071917},
 publisher = {ACM},
 address = {New York, NY, USA},
 keywords = {concealment scheme, delay tolerance, network latency, region-of-interest streaming, zoomable video},
} 
@INPROCEEDINGS{Schwarz07overviewof,
    author = {Heiko Schwarz and Detlev Marpe and Thomas Wieg},
    title = {Overview of the scalable video coding extension of the H.264/AVC standard},
    booktitle = {IEEE Transactions on Circuits and Systems for Video Technology In Circuits and Systems for Video Technology},
    year = {2007},
    pages = {1103--1120}
}
@InProceedings{roi02,
AUTHOR = {Karun B. Shimoga},
TITLE = {Region-of-Interest Based Video Image Transcoding for Heterogenous Client Displays},
booktitle={Packet Video 2002},
YEAR = {2002}
}
@INPROCEEDINGS{Fan03lookinginto,
    author = {Xin Fan and Xing Xie and He-qin Zhou and Wei-ying Ma},
    title = {Looking into Video Frames on Small Displays},
    booktitle = {In Proc. of ACM Multimedia 2003},
    year = {2003},
    pages = {247--250},
    publisher = {Press}
}
@misc{webmmap,
author={The IEEE and The Open Group},
title={mmap},
howpublished="\url{http://pubs.opengroup.org/onlinepubs/009695399/functions/mmap.html}",
year={2001}
}
@misc{weblibyuv,
author={libyuv},
title={libyuv},
howpublished="\url{http://code.google.com/p/libyuv/}",
year={2012},
month={5}
}
@misc{webchromium,
author={chromium},
title={chromium},
howpublished="\url{http://code.google.com/p/chromium/issues/detail?id=71403}",
year={2012},
month={5}
}
@inproceedings{Zhang:2010:AOP:1878961.1878982,
 author = {Zhang, Lide and Tiwana, Birjodh and Qian, Zhiyun and Wang, Zhaoguang and Dick, Robert P. and Mao, Zhuoqing Morley and Yang, Lei},
 title = {Accurate online power estimation and automatic battery behavior based power model generation for smartphones},
 booktitle = {Proceedings of the eighth IEEE/ACM/IFIP international conference on Hardware/software codesign and system synthesis},
 series = {CODES/ISSS '10},
 year = {2010},
 isbn = {978-1-60558-905-3},
 location = {Scottsdale, Arizona, USA},
 pages = {105--114},
 numpages = {10},
 url = {http://doi.acm.org/10.1145/1878961.1878982},
 doi = {10.1145/1878961.1878982},
 acmid = {1878982},
 publisher = {ACM},
 address = {New York, NY, USA},
 keywords = {battery, mobile phones, power modeling},
} 
@inproceedings{Ngo:2011:AEZ:1943552.1943581,
 author = {Ngo, Khiem Quang Minh and Guntur, Ravindra and Ooi, Wei Tsang},
 title = {Adaptive encoding of zoomable video streams based on user access pattern},
 booktitle = {Proceedings of the second annual ACM conference on Multimedia systems},
 series = {MMSys '11},
 year = {2011},
 isbn = {978-1-4503-0518-1},
 location = {San Jose, CA, USA},
 pages = {211--222},
 numpages = {12},
 url = {http://doi.acm.org/10.1145/1943552.1943581},
 doi = {10.1145/1943552.1943581},
 acmid = {1943581},
 publisher = {ACM},
 address = {New York, NY, USA},
 keywords = {bandwidth efficient, encoding, monolithic streaming, optimal tiling, region-of-interest streaming, tile streaming, zoomable video},
} 
@Article{multiroi,
 author={Tae Meon Bae and Truong Cong Thang and Duck Yeon Kim and Yong Man Ro and Jung Won Kang and Jae Gon Kim},
 title={Multiple Region-of-Interest Support in Scalable Video Coding},
 year={2006},
 journal={ETRI Journal},
 pages={239--242},
}
@INPROCEEDINGS{Mavlankar_peer-to-peermulticast,
    author = {Aditya Mavlankar and Jeonghun Noh and Pierpaolo Baccichet and Bernd Girod},
    title = {Peer-to-peer multicast live video streaming with interactive virtual pan/tilt/zoom functionality},
    booktitle = {in Proc. of IEEE International Conference on Image Processing (ICIP},
    year = {}
}
@INPROCEEDINGS{roi_pred,
    author = {A. Mavlankar and D. Varodayan and B. Girod},
    title = {Region-of-Interest prediction for interactively streaming regions of high resolution video},
    booktitle = { In Proc. International Packet Video Workshop},
    year = {2007}
}
@INPROCEEDINGS{Mavlankar07optimalslice,
    author = {Aditya Mavlankar and Pierpaolo Baccichet and David Varodayan and Bernd Girod},
    title = {Optimal slice size for streaming regions of high resolution video with virtual pan/tilt/zoom functionality},
    booktitle = {Proc. of 15th European Signal Processing Conference (EUSIPCO},
    year = {2007}
}
@article{Feng:2011:SRC:2000486.2000491,
 author = {Feng, Wu-Chi and Dang, Thanh and Kassebaum, John and Bauman, Tim},
 title = {Supporting region-of-interest cropping through constrained compression},
 journal = {ACM Trans. Multimedia Comput. Commun. Appl.},
 issue_date = {August 2011},
 volume = {7},
 number = {3},
 month = sep,
 year = {2011},
 issn = {1551-6857},
 pages = {17:1--17:16},
 articleno = {17},
 numpages = {16},
 url = {http://doi.acm.org/10.1145/2000486.2000491},
 doi = {10.1145/2000486.2000491},
 acmid = {2000491},
 publisher = {ACM},
 address = {New York, NY, USA},
 keywords = {Video adaptation, region-of-interest, streaming, video coding},
} 
@misc{webffmpeg,
author={ffmpeg},
title={FFMPEG},
howpublished="\url{http://ffmpeg.org/index.html}",
year={2012},
month={05}
}

@misc{webandroid,
author={Android},
title={Android Official Website},
howpublished="\url{http://www.android.com/}",
year={2012},
month={05}
}
